@article{muehlboeck2018empowering,
  title={Empowering union and intersection types with integrated subtyping},
  author={Muehlboeck, Fabian and Tate, Ross},
  journal={Proceedings of the ACM on Programming Languages},
  volume={2},
  number={OOPSLA},
  pages={112},
  year={2018},
  publisher={ACM}
}

@Inbook{Reynolds1997,
author="Reynolds, John C.",
editor="O'Hearn, Peter W.
and Tennent, Robert D.",
title="Design of the Programming Language Forsythe",
bookTitle="Algol-like Languages",
year="1997",
publisher="Birkh{\"a}user Boston",
address="Boston, MA",
pages="173--233",
abstract="This is a description of the programming language Forsythe, which is a descendant of Algol 60 intended to be as uniform and general as possible, while retaining the basic character of its progenitor. (This report supersedes the preliminary description of Forsythe [1].)",
isbn="978-1-4612-4118-8",
doi="10.1007/978-1-4612-4118-8_9",
url="https://doi.org/10.1007/978-1-4612-4118-8_9"
}

@techreport{Pierce1991,
  author       = {Benjamin Pierce}, 
  title        = {Programming with intersection types, union types, and polymorphism},
  institution  = {Carnegie Mellon University},
  year         = 1991,
  number       = {CMU-CS-91-106}
}